<?xml version="1.0" encoding="UTF-8"?><collection xmlns="http://www.loc.gov/MARC21/slim"><record><leader>00423nam--2200133-i-4500</leader><controlfield tag="001">000005717</controlfield><controlfield tag="002">20161230</controlfield><controlfield tag="005">20161230201026</controlfield><controlfield tag="008">060222s1000------------r-----000-0-eng-d</controlfield><datafield ind1=" " ind2=" " tag="100"><subfield code="a">Cook, G.B</subfield></datafield><datafield ind1=" " ind2=" " tag="245"><subfield code="a">Some considerations of isotope production in a research reactor</subfield></datafield><datafield ind1=" " ind2=" " tag="260"><subfield code="a">Vienna, Intern. Atomic Energy Agency, 1961, 8 P</subfield></datafield><datafield ind1=" " ind2=" " tag="490"><subfield code="a">Symposium On The Programming And Utilization Of Research Reactors</subfield></datafield><datafield ind1=" " ind2=" " tag="852"><subfield code="a">16897</subfield></datafield></record></collection>